@online{ucfarboretum,
  title = "Welcome to the UCF Arboretum!",
  url = "https://arboretum.ucf.edu/about-the-ucf-arboretum/",
  addendum = "(accessed: 10.16.2018)",
  keywords = "latex,arboretum"
}

@online{soundData,
		title="soundData",
		url="https://drive.google.com/open?id=1AdDY5u4AK-pxyzWdp8u1ZstgA04JzKGZ",
		keywords="EC-50,data,sounds,CNN"}

@online{ot,
	title = "classyfyingInsectSounds",
	url = "https://github.com/OtGabaldon/classyfyingInsectSounds",
	keywords = "latex,neural,network,classify,insect,sound"
}

@online{microphone,
  title= "Specifications of the Song Meter SM4",
  url = "https://www.wildlifeacoustics.com/products/song-meter-sm4/specifications",
  addendum = "(accessed: 10.17.2018)",
  keywords = "latex,microphone"
}
@article{sound,
	title="Assessment of noise pollution due to generators in Akure, Ondo State, Nigeria",
	year="2018",
	author="Francis Olawale Abulude et al."
}

@online{bluebrown,
	title= "But what is the Fourier Transform? A visual introduction.",
	date="2018",
	organization="YouTube",
	author = "3Blue1Brown",
	url = "https://www.youtube.com/watch?v=spUNpyF58BY"
}

@misc{songmeter,
  year = "2018",
  title = "Song Meter SM4 Acoustic Recorder",
  url = "https://www.wildlifeacoustics.com/images/product_brochures/WA_Brochure_SM4.pdf",
  howpublished = "Brochure",
  author = "Wildlife Acoustics"
}

@article{urbanBiases,
  title = "Biases of Acoustic Indices Measuring Biodiversity in Urban Areas",
  year = "2017",
  author = "Alison J. Fairbrass et al.",
  journal = "Ecological Indicators"
}

% "Bryan C. Pijanowski, Luis J. Villanueva--Rivera, Sarah L. Dumyahn, Almo Farina, Bernie L. Krause, Brian M. Napoletano, Stuart H. Gage, Nadia Pieretti"
@article{scienceOfSound,
  title = "Soundscape Ecology: The Science of Sound in the Landscape",
  year = "2011",
  author = "Bryan C. Pijanowski et al.",
  journal = "BioScience"
}

@article{shannonWiener,
  title = "Shannon--Wiener Index",
  year = "2008",
  author = "Sven Erik Jørgensen",
  journal = "Encyclopedia of Ecology"
}

% "Gage, S. H., W. Joo, E. P. Kasten, J. Fox, and S. Biswas"
@inbook{gage,
  author = "S. H. Gage et al.",
  title = "Acoustic Observations in Agricultural Landscapes",
  chapter = 14,
  pages = "360--377",
  booktitle = "The Ecology of Agricultural Landscapes: Long-Term Research on the Path to Sustainability",
  publisher = "Oxford University Press",
  year = "2015",
  address = "New York, New York, USA"
}

@article {napoletano,
  author = "Napoletano B.M.",
  year = "2004",
  title = "Measurement, quantification and interpretation of acoustic signals within an ecological context",
  publisher = "Michigan State University",
  address = "East Lansing, Michigan, USA"
}

@article{boelman,
  author = "Boelman et al.",
  title = "Multi-Trophic Invasion Resistance in Hawaii: Bioacoustics, Field Surveys, and Airborne Remote Sensing",
  journal = "Ecological Applications",
  volume = "17",
  number = "8",
  pages = "2137-2144"
}

@article{pieretti,
  author = "Pieretti,N et al.",
  title = "A New Methodology to Infer the Singing Activity of an Avian Community: The Acoustic Complexity Index (ACI)",
  journal = "Ecological Indicators",
  volume = "11",
  year = "2011",
  pages = "868 - 873",
  number = "3"
}

@article{villanueva,
  author="Luis J. Villanueva--Rivera",
  title="A primer of acoustic analysis for landscape ecologists",
  journal ="Springer Science+Business Media",
  year = "2011"
}

@article{hardik,
	title="Unsupervised Filterbank Learning Using Convolutional Restricted BoltzmannMachine for Environmental Sound Classiﬁcation",
	year = "2017",
	author = "Hardik B. Sailor et al.",
	journal = "Dhirubhai Ambani Institute of Information"
}

@online{ConvRBM,
	title="ConvRBM",
	url="https://github.com/jiajunshen/convRBM",
	keys="Convolutional,Boltzmann,Machine,Learning"
}

@online{EC50,
	title="EC-50",
	url="https://github.com/karoldvl/ESC-50",
	tags="data,EC,50,sounds,CNN"
}

@article{irmaspeed,
  title = {2017-09-11 11:00 EST-5 Event Narrative},
  journal = {Storm Events Database},
  publisher = {National Centers for Environmental Information},
  year = {2017}
}

@article{pegasus,
  title = {Campus Wildlife},
  journal = {Pegasus Magazine},
  publisher = {University of Central Florida},
  year = {2012}
}

@online{aboutzoo,
  title = {About},
  url = {http://www.centralfloridazoo.org/about-the-zoo/}
}

@online{berkeley,
	title={CS188Spring2013},
	url = {https://www.youtube.com/channel/UCTmAYxRV7H9NTdgC9bNixvw}
}
